<?xml version="1.0" encoding="UTF-8"?><collection xmlns="http://www.loc.gov/MARC21/slim"><record><leader>00423nam--2200145-i-4500</leader><controlfield tag="001">000028992</controlfield><controlfield tag="002">20161230</controlfield><controlfield tag="005">20170125143155</controlfield><controlfield tag="008">060222s1000------------r-----000-0-eng-d</controlfield><datafield ind1=" " ind2=" " tag="245"><subfield code="a">Laboratory experiments with radioisotopes for high school science demonstrations</subfield></datafield><datafield ind1=" " ind2=" " tag="260"><subfield code="a">Washngton</subfield><subfield code="b">U.S.Atomic Energy Commission</subfield><subfield code="c">1958</subfield></datafield><datafield ind1=" " ind2=" " tag="300"><subfield code="a">59 p</subfield></datafield><datafield ind1=" " ind2=" " tag="700"><subfield code="a">Schenberg, Samuel</subfield></datafield><datafield ind1=" " ind2=" " tag="852"><subfield code="a">16097</subfield></datafield><datafield ind1=" " ind2=" " tag="CAT"><subfield code="a">SYS</subfield><subfield code="c">20170125</subfield><subfield code="h">143155</subfield></datafield></record></collection>